
@book{lemmon_beginning_1965,
  title = {Beginning {{Logic}}},
  publisher = {{Thomas Nelson and Sons}},
  author = {Lemmon, E. J.},
  year = {1965}
}

@book{bostock_intermediate_1997,
  title = {Intermediate {{Logic}}},
  publisher = {{Oxford University Press}},
  author = {Bostock, David},
  year = {1997}
}

@phdthesis{wenzel_isabelle/isarversatile_2002,
  type = {{{PhD Thesis}}},
  title = {Isabelle/{{Isar}}\textemdash{}a Versatile Environment for Human-Readable Formal Proof Documents},
  school = {Technische Universit{\"a}t M{\"u}nchen},
  author = {Wenzel, Markus M.},
  year = {2002},
  file = {/Users/nus/Zotero/storage/ZTDXI5AX/Wenzel - 2002 - IsabelleIsarâ€”a versatile environment for human-re.pdf}
}

@article{nipkow_tutorial_2011,
  title = {A Tutorial Introduction to Structured {{Isar}} Proofs},
  journal = {Available from World Wide Web: http://www. in. tum. de/{$\sim$} nipkow},
  author = {Nipkow, Tobias},
  year = {2011},
  file = {/Users/nus/Zotero/storage/EFNJ4JCS/isar-overview.pdf;/Users/nus/Zotero/storage/I5S82MQG/Nipkow - 2011 - A tutorial introduction to structured Isar proofs.pdf}
}

@book{anderson_entailment_1976,
  address = {{Princeton}},
  title = {Entailment, {{Vol}}. 1: {{The Logic}} of {{Relevance}} and {{Necessity}}},
  isbn = {978-0-691-07192-3},
  shorttitle = {Entailment, {{Vol}}. 1},
  language = {English},
  publisher = {{Princeton University Press}},
  author = {Anderson, Alan and Belnap, Nuel},
  month = jan,
  year = {1976},
  file = {/Users/nus/Zotero/storage/37RTPDS9/[Alan_Ross_Anderson,_Nuel_D._Bernap_Jr.]_Entailmen(BookZZ.org).pdf}
}

@book{davies_anselm_2008,
  title = {Anselm of {{Canterbury}}: {{The Major Works}}},
  shorttitle = {Anselm of {{Canterbury}}},
  publisher = {{Oxford University Press}},
  author = {Davies, Brian and Evans, G. R.},
  year = {2008}
}

@book{smullyan_what_1990,
  title = {What Is the {{Name}} of This {{Book}}?: {{The Riddle}} of {{Dracula}} and {{Other Logical Puzzles}}},
  isbn = {978-0-14-013511-4},
  shorttitle = {What Is the {{Name}} of This {{Book}}?},
  language = {en},
  publisher = {{Penguin Books}},
  author = {Smullyan, Raymond M.},
  year = {1990}
}

@article{barendregt_quest_1996,
  title = {The Quest for Correctness},
  journal = {Images of SMC Research},
  author = {Barendregt, H. P.},
  year = {1996},
  file = {/Users/nus/Zotero/storage/DNZ5JS4X/Barendregt - 1996 - The quest for correctness.pdf}
}

@article{russell_denoting_1905,
  title = {On {{Denoting}}},
  volume = {14},
  issn = {0026-4423},
  abstract = {adfad},
  number = {56},
  journal = {Mind},
  author = {Russell, Bertrand},
  year = {1905},
  pages = {479-493},
  file = {/Users/nus/Zotero/storage/393X4GVJ/2248381.pdf}
}


